@article{cavalier2006cell,
  title={Cell evolution and Earth history: stasis and revolution},
  author={Cavalier-Smith, Thomas},
  journal={Philosophical Transactions of the Royal Society B: Biological Sciences},
  volume={361},
  number={1470},
  pages={969--1006},
  year={2006},
  publisher={The Royal Society}
}

@book{gerhard1986bacterial,
  title={Bacterial metabolism},
  author={Gerhard Gottschalk},
  year={1986},
  publisher={Springer}
}

@article{walter2011human,
  title={The human gut microbiome: ecology and recent evolutionary changes},
  author={Walter, Jens and Ley, Ruth},
  journal={Annual review of microbiology},
  volume={65},
  pages={411--429},
  year={2011},
  publisher={Annual Reviews}
}

@article{philippot2013going,
  title={Going back to the roots: the microbial ecology of the rhizosphere},
  author={Philippot, Laurent and Raaijmakers, Jos M and Lemanceau, Philippe and van der Putten, Wim H},
  journal={Nature Reviews Microbiology},
  volume={11},
  number={11},
  pages={789--799},
  year={2013},
  publisher={Nature Publishing Group}
}

@article{simmons2008population,
  title={Population genomic analysis of strain variation in Leptospirillum group II bacteria involved in acid mine drainage formation},
  author={Simmons, Sheri L and DiBartolo, Genevieve and Denef, Vincent J and Goltsman, Daniela S Aliaga and Thelen, Michael P and Banfield, Jillian F},
  journal={PLoS biology},
  volume={6},
  number={7},
  pages={e177},
  year={2008},
  publisher={Public Library of Science}
}

@article{sharp2014humboldt,
  title={Humboldtâ€™s spa: microbial diversity is controlled by temperature in geothermal environments},
  author={Sharp, Christine E and Brady, Allyson L and Sharp, Glen H and Grasby, Stephen E and Stott, Matthew B and Dunfield, Peter F},
  journal={The ISME journal},
  volume={8},
  number={6},
  pages={1166--1174},
  year={2014},
  publisher={Nature Publishing Group}
}

@article{van2008unseen,
  title={The unseen majority: soil microbes as drivers of plant diversity and productivity in terrestrial ecosystems},
  author={Van Der Heijden, Marcel GA and Bardgett, Richard D and Van Straalen, Nico M},
  journal={Ecology letters},
  volume={11},
  number={3},
  pages={296--310},
  year={2008},
  publisher={Wiley Online Library}
}

@article{arrigo2004marine,
  title={Marine microorganisms and global nutrient cycles},
  author={Arrigo, Kevin R},
  journal={Nature},
  volume={437},
  number={7057},
  pages={349--355},
  year={2004},
  publisher={Nature Publishing Group}
}

@article{falkowski2008microbial,
  title={The microbial engines that drive Earth's biogeochemical cycles},
  author={Falkowski, Paul G and Fenchel, Tom and Delong, Edward F},
  journal={science},
  volume={320},
  number={5879},
  pages={1034--1039},
  year={2008},
  publisher={American Association for the Advancement of Science}
}